<record xmlns='http://www.loc.gov/MARC21/slim'><leader>02606cam a2200361 i 4500</leader><controlfield tag='001'>7052841</controlfield><controlfield tag='005'>20170421124652.0</controlfield><controlfield tag='008'>160407s2016    th co         010 0btha  </controlfield><datafield ind1=' ' ind2=' ' tag='040'><subfield code='a'>ANL</subfield><subfield code='b'>eng</subfield><subfield code='e'>rda</subfield></datafield><datafield ind1=' ' ind2=' ' tag='043'><subfield code='a'>a-th---</subfield></datafield><datafield ind1='0' ind2='0' tag='245'><subfield code='6'>880-01</subfield><subfield code='a'>ʻAnusō̜n ngān phrarātchathān phlœ̄ng sop Rō̜i ʻĒk Suwit Thatphithakkun Mō̜.Pō̜.Chō̜., Mō̜.Wō̜.Mō̜. na Wat Phrasīmahāthātwō̜ramahāwihān, Wanʻāthit thī 31 Makarākhom 2559.</subfield></datafield><datafield ind1='1' ind2='0' tag='880'><subfield code='6'>245-01</subfield><subfield code='a'>อนุสรณ์งานพระราชทานเพลิงศพ ร้อยเอก สุวิทย์ ทัดพิทักษ์กุล ม.ป.ช., ม.ว.ม. ณ วัดพระศรีมหาธาตุวรมหาวิหาร, วันอาทิตย์ที่ ๓๑ มกราคม ๒๕๕๙.</subfield></datafield><datafield ind1=' ' ind2='0' tag='264'><subfield code='6'>880-02</subfield><subfield code='a'>Krung Thēp :</subfield><subfield code='b'>Khrō̜pkhrūa Thatphithakkun,</subfield><subfield code='c'>2559 [2016]</subfield></datafield><datafield ind1=' ' ind2='0' tag='880'><subfield code='6'>264-02</subfield><subfield code='a'>กรุงเทพฯ :</subfield><subfield code='b'>ครอบครัวทัดพิทักษ์กุล,</subfield><subfield code='c'>๒๕๕๙.</subfield></datafield><datafield ind1=' ' ind2='3' tag='264'><subfield code='6'>880-03</subfield><subfield code='a'>Krung Thēp :</subfield><subfield code='b'>Rōngphim ʻAksō̜n Thai,</subfield><subfield code='c'>2559 [2016]</subfield></datafield><datafield ind1=' ' ind2='3' tag='880'><subfield code='6'>264-03</subfield><subfield code='a'>กรุงเทพฯ :</subfield><subfield code='b'>โรงพิมพ์อักษรไทย,</subfield><subfield code='c'>๒๕๕๙.</subfield></datafield><datafield ind1=' ' ind2=' ' tag='300'><subfield code='a'>215 pages :</subfield><subfield code='b'>colour portraits, colour photographs ;</subfield><subfield code='c'>21 cm</subfield></datafield><datafield ind1=' ' ind2=' ' tag='336'><subfield code='a'>text</subfield><subfield code='2'>rdacontent</subfield></datafield><datafield ind1=' ' ind2=' ' tag='336'><subfield code='a'>still image</subfield><subfield code='2'>rdacontent</subfield></datafield><datafield ind1=' ' ind2=' ' tag='337'><subfield code='a'>unmediated</subfield><subfield code='2'>rdamedia</subfield></datafield><datafield ind1=' ' ind2=' ' tag='338'><subfield code='a'>volume</subfield><subfield code='2'>rdacarrier</subfield></datafield><datafield ind1=' ' ind2=' ' tag='520'><subfield code='a'>Cremation volume for Capt. Suwit Thatphithakkun, 1928-2015, former Deputy Director-General of Department of Commerce, Thailand; comprises biography and article on happiness.</subfield></datafield><datafield ind1='0' ind2='0' tag='600'><subfield code='6'>880-04</subfield><subfield code='a'>Suwit Thatphithakkun,</subfield><subfield code='d'>1928-2015</subfield><subfield code='x'>Death and burial.</subfield></datafield><datafield ind1='0' ind2='0' tag='880'><subfield code='6'>600-04</subfield><subfield code='a'>สุวิทย์ ทัดพิทักษ์กุล,</subfield><subfield code='d'>1928-2015</subfield><subfield code='x'>Death and burial.</subfield></datafield><datafield ind1='1' ind2='0' tag='610'><subfield code='6'>880-05</subfield><subfield code='a'>Thailand.</subfield><subfield code='b'>Krasūang Phanit</subfield><subfield code='x'>Officials and employees</subfield><subfield code='v'>Biography.</subfield></datafield><datafield ind1=' ' ind2='0' tag='650'><subfield code='a'>Happiness</subfield><subfield code='x'>Religious aspects</subfield><subfield code='x'>Buddhism.</subfield></datafield><datafield ind1=' ' ind2='0' tag='650'><subfield code='a'>Conduct of life</subfield><subfield code='x'>Religious aspects</subfield><subfield code='x'>Buddhism.</subfield></datafield><datafield ind1=' ' ind2='0' tag='650'><subfield code='a'>Religious life</subfield><subfield code='x'>Buddhism.</subfield></datafield><datafield ind1='0' ind2=' ' tag='700'><subfield code='6'>880-05</subfield><subfield code='a'>Suwit Thatphithakkun,</subfield><subfield code='d'>1928-2015,</subfield><subfield code='e'>honouree.</subfield></datafield><datafield ind1='0' ind2=' ' tag='880'><subfield code='6'>700-05</subfield><subfield code='a'>สุวิทย์ ทัดพิทักษ์กุล,</subfield><subfield code='d'>1928-2015,</subfield><subfield code='e'>honouree.</subfield></datafield><datafield ind1='0' ind2='2' tag='700'><subfield code='6'>880-06</subfield><subfield code='a'>Wasin ʻInthasara,</subfield><subfield code='e'>author.</subfield><subfield code='t'>Phư̄a khwāmsuk čhai.</subfield><subfield code='f'>2016.</subfield></datafield><datafield ind1='0' ind2='2' tag='880'><subfield code='6'>700-06</subfield><subfield code='a'>วศิน อินทสระ,</subfield><subfield code='e'>author.</subfield><subfield code='t'>เพื่อความสุขใจ.</subfield><subfield code='f'>2016.</subfield></datafield><datafield ind1='0' ind2=' ' tag='880'><subfield code='6'>505-00</subfield><subfield code='a'>เพื่อความสุขใจ / บทบรรยายโดย วศิน อินทสระ.</subfield></datafield></record>